@book{kroeber2020china,
  title={China's Economy: What Everyone Needs to Know},
  author={Kroeber, Arthur R},
  year={2020},
  publisher={Oxford University Press}
}

@article{xu2011fundamental,
  title={The fundamental institutions of {C}hina's reforms and development},
  author={Xu, Chenggang},
  journal={Journal of Economic Literature},
  volume={49},
  number={4},
  pages={1076--1151},
  year={2011}
}

@article{bai2020special,
  title={Special deals with {C}hinese characteristics},
  author={Bai, Chong-En and Hsieh, Chang-Tai and Song, Zheng},
  journal={NBER Macroeconomics Annual},
  volume={34},
  number={1},
  pages={341--379},
  year={2020},
  publisher={The University of Chicago Press Chicago, IL}
}

@article{su2017china,
  title={The {C}hina model withering? {I}nstitutional roots of {C}hina’s local developmentalism},
  author={Su, Fubing and Tao, Ran},
  journal={Urban Studies},
  volume={54},
  number={1},
  pages={230--250},
  year={2017},
  publisher={SAGE Publications Sage UK: London, England}
}

@article{porter2008simple,
  title={Simple search methods for finding a {N}ash equilibrium},
  author={Porter, Ryan and Nudelman, Eugene and Shoham, Yoav},
  journal={Games and Economic Behavior},
  volume={63},
  number={2},
  pages={642--662},
  year={2008},
  publisher={Elsevier}
}

@article{su2012constrained,
  title={Constrained optimization approaches to estimation of structural models},
  author={Su, Che-Lin and Judd, Kenneth L},
  journal={Econometrica},
  volume={80},
  number={5},
  pages={2213--2230},
  year={2012},
  publisher={Wiley Online Library}
}

@article{chen2019busting,
  title={Busting the “Princelings”: The campaign against corruption in {C}hina’s primary land market},
  author={Chen, Ting and Kung, James Kai-sing},
  journal={The Quarterly Journal of Economics},
  volume={134},
  number={1},
  pages={185--226},
  year={2019},
  publisher={Oxford University Press}
}

@article{liu_chinas_2018,
    title={China's Real Estate Market},
	journal={NBER Working Paper},
	author = {Liu, Chang and Xiong, Wei},
	year = {2018},
}

@article{cai2010growth,
  title={Growth and structural changes in employment in transition China},
  author={Cai, Fang and Wang, Meiyan},
  journal={Journal of Comparative Economics},
  volume={38},
  number={1},
  pages={71--81},
  year={2010},
  publisher={Elsevier}
}

@book{fang2016china,
  title={China’s economic growth prospects: From demographic dividend to reform dividend},
  author={Cai, Fang},
  year={2016},
  publisher={Edward Elgar Publishing}
}

@article{mast2020race,
  title={Race to the bottom? Local tax break competition and business location},
  author={Mast, Evan},
  journal={American Economic Journal: Applied Economics},
  volume={12},
  number={1},
  pages={288--317},
  year={2020}
}

@article{wilson1999theories,
  title={Theories of tax competition},
  author={Wilson, John Douglas},
  journal={National Tax Journal},
  volume={52},
  number={2},
  pages={269--304},
  year={1999},
  publisher={The University of Chicago Press}
}

@article{tiebout1956pure,
  title={A pure theory of local expenditures},
  author={Tiebout, Charles M},
  journal={Journal of Political Economy},
  volume={64},
  number={5},
  pages={416--424},
  year={1956},
  publisher={The University Press of Chicago}
}

@article{keen1997fiscal,
  title={Fiscal competition and the pattern of public spending},
  author={Keen, Michael and Marchand, Maurice},
  journal={Journal of Public Economics},
  volume={66},
  number={1},
  pages={33--53},
  year={1997},
  publisher={Elsevier}
}

