@book{kroeber2020china,
  title     = {China's Economy: What Everyone Needs to Know},
  author    = {Kroeber, Arthur R},
  year      = {2020},
  publisher = {Oxford University Press}
}

@article{xu2011fundamental,
  title   = {The fundamental institutions of {C}hina's reforms and development},
  author  = {Xu, Chenggang},
  journal = {Journal of Economic Literature},
  volume  = {49},
  number  = {4},
  pages   = {1076--1151},
  year    = {2011}
}

@article{bai2020special,
  title     = {Special deals with {C}hinese characteristics},
  author    = {Bai, Chong-En and Hsieh, Chang-Tai and Song, Zheng},
  journal   = {NBER Macroeconomics Annual},
  volume    = {34},
  number    = {1},
  pages     = {341--379},
  year      = {2020},
  publisher = {The University of Chicago Press Chicago, IL}
}

@article{su2017china,
  title     = {The {C}hina model withering? {I}nstitutional roots of {C}hina's local developmentalism},
  author    = {Su, Fubing and Tao, Ran},
  journal   = {Urban Studies},
  volume    = {54},
  number    = {1},
  pages     = {230--250},
  year      = {2017},
  publisher = {SAGE Publications Sage UK: London, England}
}

@article{porter2008simple,
  title     = {Simple search methods for finding a {N}ash equilibrium},
  author    = {Porter, Ryan and Nudelman, Eugene and Shoham, Yoav},
  journal   = {Games and Economic Behavior},
  volume    = {63},
  number    = {2},
  pages     = {642--662},
  year      = {2008},
  publisher = {Elsevier}
}

@article{su2012constrained,
  title     = {Constrained optimization approaches to estimation of structural models},
  author    = {Su, Che-Lin and Judd, Kenneth L},
  journal   = {Econometrica},
  volume    = {80},
  number    = {5},
  pages     = {2213--2230},
  year      = {2012},
  publisher = {Wiley Online Library}
}

@article{chen2019busting,
  title     = {Busting the “Princelings”: The campaign against corruption in {C}hina's primary land market},
  author    = {Chen, Ting and Kung, James Kai-sing},
  journal   = {The Quarterly Journal of Economics},
  volume    = {134},
  number    = {1},
  pages     = {185--226},
  year      = {2019},
  publisher = {Oxford University Press}
}

@article{cai2010growth,
  title     = {Growth and structural changes in employment in transition China},
  author    = {Cai, Fang and Wang, Meiyan},
  journal   = {Journal of Comparative Economics},
  volume    = {38},
  number    = {1},
  pages     = {71--81},
  year      = {2010},
  publisher = {Elsevier}
}

@book{fang2016china,
  title     = {China's economic growth prospects: From demographic dividend to reform dividend},
  author    = {Cai, Fang},
  year      = {2016},
  publisher = {Edward Elgar Publishing}
}

@article{mast2020race,
  title   = {Race to the bottom? Local tax break competition and business location},
  author  = {Mast, Evan},
  journal = {American Economic Journal: Applied Economics},
  volume  = {12},
  number  = {1},
  pages   = {288--317},
  year    = {2020}
}

@article{wilson1999theories,
  title     = {Theories of tax competition},
  author    = {Wilson, John Douglas},
  journal   = {National Tax Journal},
  volume    = {52},
  number    = {2},
  pages     = {269--304},
  year      = {1999},
  publisher = {The University of Chicago Press}
}

@article{tiebout1956pure,
  title     = {A pure theory of local expenditures},
  author    = {Tiebout, Charles M},
  journal   = {Journal of Political Economy},
  volume    = {64},
  number    = {5},
  pages     = {416--424},
  year      = {1956},
  publisher = {The University Press of Chicago}
}

@article{keen1997fiscal,
  title     = {Fiscal competition and the pattern of public spending},
  author    = {Keen, Michael and Marchand, Maurice},
  journal   = {Journal of Public Economics},
  volume    = {66},
  number    = {1},
  pages     = {33--53},
  year      = {1997},
  publisher = {Elsevier}
}

@incollection{Mcfadden1974,
  author    = {McFadden, Daniel},
  title     = {Conditonal logit analysis of qualitive choice behavior},
  editor    = {Zarembka, P.},
  booktitle = {Frontiers in Econometrics},
  publisher = {Academic Press},
  address   = {New York},
  year      = 1974,
  pages     = {105-142},
  chapter   = 4
}

@article{mcfadden1989method,
  title     = {A method of simulated moments for estimation of discrete response models without numerical integration},
  author    = {McFadden, Daniel},
  journal   = {Econometrica},
  pages     = {995--1026},
  year      = {1989},
  publisher = {JSTOR}
}

@article{pakes1989simulation,
  title     = {Simulation and the asymptotics of optimization estimators},
  author    = {Pakes, Ariel and Pollard, David},
  journal   = {Econometrica},
  pages     = {1027--1057},
  year      = {1989},
  publisher = {JSTOR}
}


@article{carrasco2002simulation,
  title     = {Simulation-based method of moments and efficiency},
  author    = {Carrasco, Marine and Florens, Jean-Pierre},
  journal   = {Journal of Business \& Economic Statistics},
  volume    = {20},
  number    = {4},
  pages     = {482--492},
  year      = {2002},
  publisher = {Taylor \& Francis}
}

@article{iskhakov2021effects,
  title     = {Effects of taxes and safety net pensions on life-cycle labor supply, savings and human capital: The case of Australia},
  author    = {Iskhakov, Fedor and Keane, Michael},
  journal   = {Journal of Econometrics},
  volume    = {223},
  number    = {2},
  pages     = {401--432},
  year      = {2021},
  publisher = {Elsevier}
}

@book{jorge2006numerical,
  title     = {Numerical Optimization},
  author    = {Jorge, Nocedal and Stephen, J Wright},
  year      = {2006},
  publisher = {Spinger}
}

@incollection{LiuXiong+2020+183+207,
  author    = {Chang Liu and Wei Xiong},
  title     = {China's Real Estate Market},
  booktitle = {The Handbook of China's Financial System},
  year      = {2020},
  publisher = {Princeton University Press},
  pages     = {183--207},
  chapter   = 7,
  editor    = {Marlene Amstad and Guofeng Sun and Wei Xiong}
}

@article{cheung2014economic,
  title     = {The economic system of China},
  author    = {Cheung, Steven NS},
  journal   = {Man and the Economy},
  volume    = {1},
  number    = {1},
  pages     = {1--49},
  year      = {2014},
  publisher = {De Gruyter}
}

@article{cai2013china,
  title     = {China's land market auctions: evidence of corruption?},
  author    = {Cai, Hongbin and Henderson, J Vernon and Zhang, Qinghua},
  journal   = {The Rand Journal of Economics},
  volume    = {44},
  number    = {3},
  pages     = {488--521},
  year      = {2013},
  publisher = {Wiley Online Library}
}

@article{chen2017real,
  title   = {Real estate boom and misallocation of capital in China},
  author  = {Chen, Ting and Liu, Laura and Xiong, Wei and Zhou, Li-An},
  journal = {Working Paper, Princeton University.},
  year    = {2017}
}

@article{xiong2018mandarin,
  title   = {The mandarin model of growth},
  author  = {Xiong, Wei},
  year    = {2018},
  journal = {Working Paper, National Bureau of Economic Research}
}

@article{zhu2012understanding,
  title   = {Understanding China's growth: Past, present, and future},
  author  = {Zhu, Xiaodong},
  journal = {Journal of Economic Perspectives},
  volume  = {26},
  number  = {4},
  pages   = {103--24},
  year    = {2012}
}

@incollection{brandt2008growth,
  title     = {Growth and structural transformation in China},
  author    = {Brandt, Loren and Hsieh, Chang-Tai and Zhu, Xiaodong},
  booktitle = {China's great economic transformation},
  pages     = {683--728},
  year      = {2008},
  publisher = {Cambridge University Press},
  editor    = {Loren Brandt and Thomas G. Rawski}
}

@book{gourieroux1996simulation,
  title     = {Simulation-Based Econometric Methods},
  author    = {Gouri\'eroux, Christian and Monfort, Alain},
  year      = {1996},
  publisher = {Oxford University Press}
}

@book{adda2003dynamic,
  title     = {Dynamic Economics: Quantitative Methods and Applications},
  author    = {Adda, Jerome and Cooper, Russell W},
  year      = {2003},
  publisher = {MIT press}
}